

@inproceedings{boyd2008corey,
  title={Corey: An Operating System for Many Cores.},
  author={Boyd-Wickizer, Silas and Chen, Haibo and Chen, Rong and Mao, Yandong and Kaashoek, M Frans and Morris, Robert and Pesterev, Aleksey and Stein, Lex and Wu, Ming and Dai, Yue-hua and others},
  booktitle={OSDI},
  volume={8},
  pages={43--57},
  year={2008}
}


@inproceedings{baumann2009multikernel,
  title={The multikernel: a new OS architecture for scalable multicore systems},
  author={Baumann, Andrew and Barham, Paul and Dagand, Pierre-Evariste and Harris, Tim and Isaacs, Rebecca and Peter, Simon and Roscoe, Timothy and Sch{\"u}pbach, Adrian and Singhania, Akhilesh},
  booktitle={Proceedings of the ACM SIGOPS 22nd symposium on Operating systems principles},
  pages={29--44},
  year={2009},
  organization={ACM}
}

@article{peter2016arrakis,
  title={Arrakis: The operating system is the control plane},
  author={Peter, Simon and Li, Jialin and Zhang, Irene and Ports, Dan RK and Woos, Doug and Krishnamurthy, Arvind and Anderson, Thomas and Roscoe, Timothy},
  journal={ACM Transactions on Computer Systems (TOCS)},
  volume={33},
  number={4},
  pages={11},
  year={2016},
  publisher={ACM}
}

@inproceedings{belay2014ix,
  title={IX: A protected dataplane operating system for high throughput and low latency},
  author={Belay, Adam and Prekas, George and Klimovic, Ana and Grossman, Samuel and Kozyrakis, Christos and Bugnion, Edouard},
  booktitle={Proceedings of the 11th USENIX Symposium on Operating System Design and Implementation (OSDI)},
  number={EPFL-CONF-201671},
  year={2014},
  organization={USENIX}
}

@inproceedings{palkar2015e2,
  title={E2: a framework for NFV applications},
  author={Palkar, Shoumik and Lan, Chang and Han, Sangjin and Jang, Keon and Panda, Aurojit and Ratnasamy, Sylvia and Rizzo, Luigi and Shenker, Scott},
  booktitle={Proceedings of the 25th Symposium on Operating Systems Principles},
  pages={121--136},
  year={2015},
  organization={ACM}
}

@inproceedings{panda2016netbricks,
  title={NetBricks: Taking the V out of NFV.},
  author={Panda, Aurojit and Han, Sangjin and Jang, Keon and Walls, Melvin and Ratnasamy, Sylvia and Shenker, Scott},
  booktitle={OSDI},
  pages={203--216},
  year={2016}
}

@inproceedings{tsai2016study,
  title={A study of modern Linux API usage and compatibility: what to support when you're supporting},
  author={Tsai, Chia-Che and Jain, Bhushan and Abdul, Nafees Ahmed and Porter, Donald E},
  booktitle={Proceedings of the Eleventh European Conference on Computer Systems},
  pages={16},
  year={2016},
  organization={ACM}
}

@inproceedings{huang2017high,
  title={LOS: A High Performance and Compatible User-level Network Operating System},
  author={Huang, Yukai and Geng, Jinkun and Lin, Du and Wang, Bin and Li, Junfeng and Ling, Ruilin and Li, Dan},
  booktitle={Proceedings of the First Asia-Pacific Workshop on Networking},
  pages={50--56},
  year={2017},
  organization={ACM}
}

@inproceedings{lin2016scalable,
  title={Scalable kernel tcp design and implementation for short-lived connections},
  author={Lin, Xiaofeng and Chen, Yu and Li, Xiaodong and Mao, Junjie and He, Jiaquan and Xu, Wei and Shi, Yuanchun},
  booktitle={ACM SIGPLAN Notices},
  volume={51},
  number={4},
  pages={339--352},
  year={2016},
  organization={ACM}
}

@inproceedings{lim2014mica,
  title={MICA: A holistic approach to fast in-memory key-value storage},
  author={Lim, Hyeontaek and Han, Donsu and Andersen, David G and Kaminsky, Michael},
  year={2014},
  organization={USENIX}
}

@inproceedings{li2016clicknp,
  title={Clicknp: Highly flexible and high-performance network processing with reconfigurable hardware},
  author={Li, Bojie and Tan, Kun and Luo, Layong Larry and Peng, Yanqing and Luo, Renqian and Xu, Ningyi and Xiong, Yongqiang and Cheng, Peng},
  booktitle={Proceedings of the 2016 conference on ACM SIGCOMM 2016 Conference},
  pages={1--14},
  year={2016},
  organization={ACM}
}

@inproceedings{dragojevic2014farm,
  title={FaRM: Fast remote memory},
  author={Dragojevi{\'c}, Aleksandar and Narayanan, Dushyanth and Hodson, Orion and Castro, Miguel},
  booktitle={Proceedings of the 11th USENIX Conference on Networked Systems Design and Implementation},
  pages={401--414},
  year={2014}
}

@misc{ipc-bench,
  title={IPC benchmark},
  author={Computer Laboratory, University of Cambridge},
  url={https://www.cl.cam.ac.uk/research/srg/netos/projects/ipc-bench/}
}

@misc{intel-manual,
  title={Intel 64 and IA-32 Architectures Software Developer Manual, Volume 3},
  author={Intel Corporation}
}

@inproceedings{kaminsky2016design,
  title={Design guidelines for high performance RDMA systems},
  author={Kaminsky, Anuj Kalia Michael and Andersen, David G},
  booktitle={2016 USENIX Annual Technical Conference},
  pages={437},
  year={2016}
}

@inproceedings{li2016clicknp,
  title={Clicknp: Highly flexible and high-performance network processing with reconfigurable hardware},
  author={Li, Bojie and Tan, Kun and Luo, Layong Larry and Peng, Yanqing and Luo, Renqian and Xu, Ningyi and Xiong, Yongqiang and Cheng, Peng},
  booktitle={Proceedings of the 2016 conference on ACM SIGCOMM 2016 Conference},
  pages={1--14},
  year={2016},
  organization={ACM}
}

@proceedings{freeflow,
author = {Yu, Tianlong and Noghabi, Shadi A. and Sekar,  Vyas and Liu, Hongqiang and Padhye, Jitu and Raindel, Shachar},
title = {FreeFlow: High Performance Container Networking},
booktitle = {HotNets-XV},
year = {2016},
month = {November},
publisher = {ACM},
address = {},
pages = {7},
journal = {},
volume = {},
chapter = {},
isbn = {978-1-4503-4661-0/16/11}
}

@misc{networking2004network,
  title={Network Protocol Offloadâ€”Introducing TCP Chimney},
  author={Networking, Scalable},
  year={2004},
  publisher={WinHEC}
}

@misc{vma,
  title={Mellanox VMA},
  url={http://www.mellanox.com/page/software_vma}
}

@inproceedings{lin2016scalable,
  title={Scalable kernel tcp design and implementation for short-lived connections},
  author={Lin, Xiaofeng and Chen, Yu and Li, Xiaodong and Mao, Junjie and He, Jiaquan and Xu, Wei and Shi, Yuanchun},
  booktitle={ACM SIGPLAN Notices},
  volume={51},
  number={4},
  pages={339--352},
  year={2016},
  organization={ACM}
}

@misc{fstack,
  title={High-Performance Network Framework Based on DPDK},
  url={http://f-stack.org/}
}

@inproceedings{huang2017high,
  title={LOS: A High Performance and Compatible User-level Network Operating System},
  author={Huang, Yukai and Geng, Jinkun and Lin, Du and Wang, Bin and Li, Junfeng and Ling, Ruilin and Li, Dan},
  booktitle={Proceedings of the First Asia-Pacific Workshop on Networking},
  pages={50--56},
  year={2017},
  organization={ACM}
}

@inproceedings{rizzo2012netmap,
  title={Netmap: a novel framework for fast packet I/O},
  author={Rizzo, Luigi},
  booktitle={21st USENIX Security Symposium (USENIX Security 12)},
  pages={101--112},
  year={2012}
}

@inproceedings{rizzo2012vale,
  title={Vale, a switched ethernet for virtual machines},
  author={Rizzo, Luigi and Lettieri, Giuseppe},
  booktitle={Proceedings of the 8th international conference on Emerging networking experiments and technologies},
  pages={61--72},
  year={2012},
  organization={ACM}
}

@inproceedings{kaufmann2015flexnic,
  title={FlexNIC: Rethinking Network DMA.},
  author={Kaufmann, Antoine and Peter, Simon and Anderson, Thomas E and Krishnamurthy, Arvind},
  booktitle={HotOS},
  year={2015}
}